<?xml version="1.0" encoding="UTF-8"?><record xmlns="http://www.loc.gov/MARC21/slim" xmlns:cinclude="http://apache.org/cocoon/include/1.0" xmlns:zs="http://www.loc.gov/zing/srw/">
  <leader>00580cz  a2200145n  4500</leader>
  <controlfield tag="001">no2010102476</controlfield>
  <controlfield tag="003">DLC</controlfield>
  <controlfield tag="005">20120818083020.0</controlfield>
  <controlfield tag="008">100623n| acannaabn          |n aaa     c</controlfield>
  <datafield tag="010" ind1=" " ind2=" ">
    <subfield code="a">no2010102476</subfield>
  </datafield>
  <datafield tag="035" ind1=" " ind2=" ">
    <subfield code="a">(OCoLC)oca08538054</subfield>
  </datafield>
  <datafield tag="040" ind1=" " ind2=" ">
    <subfield code="a">RPJCB</subfield>
    <subfield code="b">eng</subfield>
    <subfield code="c">RPJCB</subfield>
    <subfield code="d">DLC</subfield>
  </datafield>
  <datafield tag="100" ind1="1" ind2=" ">
    <subfield code="a">Jarvis, Thomas,</subfield>
    <subfield code="c">Esquire</subfield>
  </datafield>
  <datafield tag="667" ind1=" " ind2=" ">
    <subfield code="a">THIS 1XX FIELD CANNOT BE USED UNDER RDA UNTIL THIS RECORD HAS BEEN REVIEWED AND/OR UPDATED</subfield>
  </datafield>
  <datafield tag="670" ind1=" " ind2=" ">
    <subfield code="a">By the honourable Thomas Jarvis, Esquire, president of the island of Antigua ... [1762] :</subfield>
    <subfield code="b">(honourable Thomas Jarvis, Esquire, president of the island of Antigua )</subfield>
  </datafield>
</record>